<?xml version="1.0" encoding="UTF-8"?><record xmlns="http://www.loc.gov/MARC21/slim" xmlns:cinclude="http://apache.org/cocoon/include/1.0" xmlns:zs="http://www.loc.gov/zing/srw/">
  <leader>00478nz  a2200133n  4500</leader>
  <controlfield tag="001">n  84231789 </controlfield>
  <controlfield tag="003">DLC</controlfield>
  <controlfield tag="005">19850205115842.3</controlfield>
  <controlfield tag="008">841213n| acannaab|          |a aaa |||  </controlfield>
  <datafield tag="010" ind1=" " ind2=" ">
    <subfield code="a">n  84231789 </subfield>
  </datafield>
  <datafield tag="040" ind1=" " ind2=" ">
    <subfield code="a">DLC</subfield>
    <subfield code="c">DLC</subfield>
    <subfield code="d">DLC</subfield>
  </datafield>
  <datafield tag="100" ind1="1" ind2="0">
    <subfield code="a">Ojha, Yogendra Nath,</subfield>
    <subfield code="d">1939-</subfield>
  </datafield>
  <datafield tag="400" ind1="0" ind2="0">
    <subfield code="a">Yogendra Nath Ojha,</subfield>
    <subfield code="d">1939-</subfield>
  </datafield>
  <datafield tag="670" ind1=" " ind2=" ">
    <subfield code="a">His Integrated rural development in Nepal, 1982:</subfield>
    <subfield code="b">t.p. (Yogendra Nath Ojha) p. 4 of cover (b. 10/1/39, B.A., M.A. anthro., chief district officer, Kathmandu district)</subfield>
  </datafield>
</record>